@inbook{GA,
booktitle = {Studies In Computational Intelligence vol 103, Soft Computing},
chapter = {ANN – GA-F},
doi = {10.1007/978-3-540-77481-5},
pages = {501--508},
title = {{ANN – GA-Fuzzy Synergism and Its Applications}},
year = {2008}
}
@article{ga-on-GPU-1,
author = {Harding, S.L. and Banzhaf, Wolfgang},
journal = {Submitted to Genetic Programming and Evolvable Machines},
title = {{Distributed genetic programming on GPUs using CUDA}},
url = {http://www.evolutioninmaterio.com/preprints/CudaParallelCompilePP.pdf},
year = {2009}
}
@article{ga-on-GPU-2,
author = {Debattisti, Stefano and Marlat, Nicola and Mussi, Luca and Cagnoni, Stefano and Usberti, Viale G and Parma, I-},
title = {{Implementation of a Simple Genetic Algorithm within the CUDA Architecture}},
url = {http://www.gpgpgpu.com/gecco2009/3.pdf}
}
@article{backprop,
author = {Oei, Chris and Friedland, Gerald and Janin, Adam},
title = {{Parallel Training of a Multi-Layer Perceptron on a GPU}},
url = {http://www.icsi.berkeley.edu/pubs/techreports/TR-09-008.pdf},
year = {2009}
}
@article{weka,
author = {Hall, Mark and National, Hazeltine and Frank, Eibe and Holmes, Geoffrey and Pfahringer, Bernhard and Reutemann, Peter and Witten, Ian H},
file = {:home/rob/Downloads/p2V11n1.pdf:pdf},
journal = {SIGKDD Explorations},
number = {1},
pages = {10--18},
title = {{The WEKA Data Mining Software : An Update}},
volume = {11}
}
@inproceedings{GA-ANN,
author = {Montana, David J and Davis, Lawrence},
booktitle = {Proceedings of the eleventh international joint conference on artificial Intelligence},
pages = {762--767},
publisher = {Citeseer},
title = {{Training feedforward neural networks using genetic algorithms}},
url = {http://citeseerx.ist.psu.edu/viewdoc/download?doi=10.1.1.77.3838\&rep=rep1\&type=pdf},
volume = {123},
year = {1989}
}
@article{cuda,
	author={T. Halfhill},
	title={Parallel Processing with CUDA: Nvidia's High Performance Computing Platform uses Massive Multithreading},
	abstract={},
	journal={Microprocessor Report},
	volume={},
	number={},
	year={2008},
	pages={}
}
@manual{CudaProgGuide3.0,
  author={NVidia},
  title={NVIDIA CUDA Programming Guide Version 3.0},
  url={http://developer.download.nvidia.com/compute/cuda/3\_0/toolkit/docs/NVIDIA\_CUDA\_ProgrammingGuide.pdf},
  year={2010}
}
@misc{UCSG-Contest,
  author={UC San Diego},
  title={{2009 UC San Diego Data Mining Contest}},
  url={http://mill.ucsd.edu/}
}
@unpublished{MLP-NominalCoding,
  author={Paavo Nieminen},
  title={{Multilayer Perceptron Neural Networks}},
  year={2008},
  url={http://users.jyu.fi/\~nieminen/dm2008mlp/dm\_mlp.pdf}
}
@book{Duda,
    author = {Duda, Richard O. and Hart, Peter E. and Stork, David G.},
    isbn = {0471056693},
    publisher = {Wiley-Interscience},
    title = {Pattern Classification (2nd Edition)},
    url = {http://www.amazon.com/gp/product/0471056693},
    year = {2000}
}
@article{Alba1999,
    author = {Alba, Enrique and Troya, Jos\'{e} M.},
    doi = {10.1002/(SICI)1099-0526(199903/04)4:4<31::AID-CPLX5>3.3.CO;2-W},
    file = {:home/rob/Downloads/albatroyaxx\_2.pdf:pdf},
    issn = {10762787},
    journal = {Complexity},
    keywords = {a survey of parallel,contact author,distributed genetic algorithms,enrique alba,evolution topics,future trends,migration,overview of technical issues,parallel genetic algorithms,pga classification,pgas},
    month = {March},
    number = {4},
    pages = {31--52},
    title = {{A survey of parallel distributed genetic algorithms}},
    url = {},
    volume = {4},
    year = {1999}
}
@inbook{ZscoreNormalization,
    author = {Han, Jiawei and Kamber, Micheline},
    title = {Data mining: concepts and techniques},
    chapter = {2.4.2},
    publisher = {Morgan Kaufmann},
    year = {2006},
    isbn = {1558609016}
}
@inbook{RobustRegression,
    author = {Andersen, Robert},
    title = {Modern Methods for Robust Regression},
    chapter = {2},
    publisher = {SAGE},
    year = {2008},
    isbn = {1412940729}
}
